@book{book_key,
	address = {City},
	publisher = {Publisher},
	author = {Bautista, Josh},
	title = {Rational&IrrationalInequalities},
	year = {2019},
	volume = {1},
	series = {1},
	edition = {1},
	pages = {123--200},
	month = {April}
}

@article{article_key,
	address = {City},
	publisher = {Publisher},
	author = {Smith, James},
	title = {Article title},
	year = {2013},
	volume = {14},
	number = {6},
	pages = {1--8},
	month = {March}
}
